@article{seraji1998unified,
  title={A unified approach to motion control of mobile manipulators},
  author={Seraji, Homayoun},
  journal={The International Journal of Robotics Research},
  volume={17},
  number={2},
  pages={107--118},
  year={1998},
  publisher={SAGE Publications}
}
