@article{kim2005dynamic,
  title={Dynamic analysis of a nonholonomic two-wheeled inverted pendulum robot},
  author={Kim, Yeonhoon and Kim, Soo Hyun and Kwak, Yoon Keun},
  journal={Journal of Intelligent and Robotic Systems},
  volume={44},
  number={1},
  pages={25--46},
  year={2005},
  publisher={Springer}
}

@techreport{munzir2013balancing,
    author={Zafar, Munzir and Erdogan, Can and Stilman, Mike},
    title={Towards Stable Balancing},
    institution={Georgia Institute of Technology. Center for Robotics and Intelligent Machines},
    type={Technical Report}, 
    url={https://smartech.gatech.edu/handle/1853/51961},
    year={2013}
}

@book{li2012advanced,
  title={Advanced Control of Wheeled Inverted Pendulum Systems},
  author={Li, Z. and Yang, C. and Fan, L.},
  isbn={9781447129639},
  lccn={2012942916},
  series={SpringerLink : B{\"u}cher},
  url={http://books.google.com/books?id=1ra\_OjPd148C},
  year={2012},
  publisher={Springer}
}