@article{muir1987kinematic,
  title={Kinematic modeling of wheeled mobile robots},
  author={Muir, Patrick F and Neuman, Charles P},
  journal={Journal of robotic systems},
  volume={4},
  number={2},
  pages={281--340},
  year={1987},
  publisher={Wiley Online Library}
}
