@article{Arimoto2005,
author = {Arimoto, Suguru and Sekimoto, Masahiro and Hashiguchi, Hiroe and Ozawa, Ryuta},
doi = {10.1163/1568553053662555},
file = {:home/munzir/Me/5-Work/stableForceInteraction/Implementation/1-ForceControlWhileBalancing/1-ControlProblem1/0-Literature/document.pdf:pdf},
issn = {0169-1864},
journal = {Advanced Robotics},
keywords = {bernstein,inverse kinematics,multi-,redundancy resolution,redundant robots,s problem},
month = jan,
number = {4},
pages = {401--434},
title = {{Natural resolution of ill-posedness of inverse kinematics for redundant robots: a challenge to Bernstein's degrees-of-freedom problem}},
url = {http://www.tandfonline.com/doi/abs/10.1163/1568553053662555},
volume = {19},
year = {2005}
}
@article{Cory2008,
author = {Cory, Rick and Peters, Jan},
doi = {10.1177/0278364908091463},
file = {:home/munzir/Me/5-Work/stableForceInteraction/Implementation/1-ForceControlWhileBalancing/1-ControlProblem1/0-Literature/nakanishi\_ijrr2008.pdf:pdf},
title = {{Operational Space Control : A Theoretical and Empirical}},
year = {2008}
}
@article{Dantam2011,
author = {Dantam, Neil and Kolhe, Pushkar and Stilman, Mike},
file = {:home/munzir/Me/5-Work/stableForceInteraction/Implementation/1-ForceControlWhileBalancing/1-ControlProblem1/0-Literature/gt-golem-2010-002-tech.pdf:pdf},
pages = {1--5},
title = {{Equations of Motion for Dynamically Stable Mobile Manipulators}},
year = {2011}
}
@article{Harada2005,
author = {Harada, Kensuke and Kajita, Shuuji and Saito, Hajime and Morisawa, Mitsuharu},
file = {:home/munzir/Me/5-Work/stableForceInteraction/Implementation/1-ForceControlWhileBalancing/1-ControlProblem1/0-Literature/01570360.pdf:pdf},
isbn = {078038914X},
number = {April},
pages = {12--17},
title = {{A Humanoid Robot Carrying a Heavy Object}},
year = {2005}
}
@article{Holmberg2000,
author = {Holmberg, Robert},
doi = {10.1177/02783640022067977},
file = {:home/munzir/Me/5-Work/stableForceInteraction/Implementation/1-ForceControlWhileBalancing/1-ControlProblem1/0-Literature/The International Journal of Robotics Research-2000-Holmberg-1066-74.pdf:pdf},
journal = {The International Journal of Robotics Research},
keywords = {augmented object,holonomic,mobile manipulation,mobile robot,powered caster},
title = {{Development and Control of a Holonomic Mobile Robot for Mobile Manipulation Task}},
year = {2000}
}
@article{Hyon2007,
author = {Hyon, Sang-ho and Cheng, Gordon},
file = {:home/munzir/Me/5-Work/stableForceInteraction/Implementation/1-ForceControlWhileBalancing/1-ControlProblem1/0-Literature/04209486.pdf:pdf},
isbn = {1424406021},
number = {April},
pages = {10--14},
title = {{Disturbance Rejection for Biped Humanoids}},
year = {2007}
}
@article{Member2007,
author = {Member, Sang-ho Hyon and Hale, Joshua G and Cheng, Gordon and Member, Senior},
file = {:home/munzir/Me/5-Work/stableForceInteraction/Implementation/1-ForceControlWhileBalancing/1-ControlProblem1/0-Literature/hyon\_tro2007\_preprint.pdf:pdf},
pages = {1--22},
title = {{Balancing in the Presence of Unknown External Forces}},
year = {2007}
}
@article{Peters2007,
author = {Peters, Jan and Schaal, Stefan},
file = {:home/munzir/Me/5-Work/stableForceInteraction/Implementation/1-ForceControlWhileBalancing/1-ControlProblem1/0-Literature/IJRR2007d\_4864[0].pdf:pdf},
number = {1},
pages = {1--24},
title = {{Learning to Control in Operational Space}},
volume = {3},
year = {2007}
}
@article{Schmid2008,
author = {Schmid, Andreas J. and Gorges, Nicolas and Goger, Dirk and Worn, Heinz},
doi = {10.1109/ROBOT.2008.4543222},
file = {:home/munzir/Me/5-Work/stableForceInteraction/Implementation/1-ForceControlWhileBalancing/1-ControlProblem1/0-Literature/04543222.pdf:pdf},
isbn = {978-1-4244-1646-2},
journal = {2008 IEEE International Conference on Robotics and Automation},
keywords = {Force Control,Force and Tactile Sensing,Humanoid Robots},
month = may,
pages = {285--291},
publisher = {Ieee},
title = {{Opening a door with a humanoid robot using multi-sensory tactile feedback}},
url = {http://ieeexplore.ieee.org/lpdocs/epic03/wrapper.htm?arnumber=4543222},
year = {2008}
}
@article{Sentis2006,
author = {Sentis, L. and Khatib, O.},
doi = {10.1109/ROBOT.2006.1642100},
file = {:home/munzir/Me/5-Work/stableForceInteraction/Implementation/1-ForceControlWhileBalancing/1-ControlProblem1/0-Literature/icra-2006.pdf:pdf},
isbn = {0-7803-9505-0},
journal = {Proceedings 2006 IEEE International Conference on Robotics and Automation, 2006. ICRA 2006.},
number = {May},
pages = {2641--2648},
publisher = {Ieee},
title = {{A whole-body control framework for humanoids operating in human environments}},
url = {http://ieeexplore.ieee.org/lpdocs/epic03/wrapper.htm?arnumber=1642100},
year = {2006}
}
@article{Sentis2010,
author = {Sentis, Luis and Khatib, Oussama},
doi = {10.1109/TRO.2010.2043757},
file = {:home/munzir/Me/5-Work/stableForceInteraction/Implementation/1-ForceControlWhileBalancing/1-ControlProblem1/0-Literature/tro-2010.pdf:pdf},
issn = {1552-3098},
journal = {IEEE Transactions on Robotics},
month = jun,
number = {3},
pages = {483--501},
title = {{Compliant Control of Multicontact and Center-of-Mass Behaviors in Humanoid Robots}},
url = {http://ieeexplore.ieee.org/lpdocs/epic03/wrapper.htm?arnumber=5451086},
volume = {26},
year = {2010}
}
@article{Stephens2010,
author = {Stephens, B J and Atkeson, C G},
doi = {10.1109/IROS.2010.5648837},
file = {:home/munzir/Me/5-Work/stableForceInteraction/Implementation/1-ForceControlWhileBalancing/1-ControlProblem1/0-Literature/stephens-iros10.pdf:pdf},
isbn = {978-1-4244-6674-0},
journal = {2010 IEEE/RSJ International Conference on Intelligent Robots and Systems},
keywords = {Force Control,Humanoid Robots,Legged Robots},
month = oct,
pages = {1248--1255},
publisher = {Ieee},
title = {{Dynamic Balance Force Control for compliant humanoid robots}},
url = {http://ieeexplore.ieee.org/lpdocs/epic03/wrapper.htm?arnumber=5648837},
year = {2010}
}
@article{Stephens2010a,
author = {Stephens, Benjamin J. and Atkeson, Christopher G.},
doi = {10.1109/ICHR.2010.5686288},
file = {:home/munzir/Me/5-Work/stableForceInteraction/Implementation/1-ForceControlWhileBalancing/1-ControlProblem1/0-Literature/05686288.pdf:pdf},
isbn = {978-1-4244-8688-5},
journal = {2010 10th IEEE-RAS International Conference on Humanoid Robots},
month = dec,
pages = {52--59},
publisher = {Ieee},
title = {{Push Recovery by stepping for humanoid robots with force controlled joints}},
url = {http://ieeexplore.ieee.org/lpdocs/epic03/wrapper.htm?arnumber=5686288},
year = {2010}
}
@article{Systems2003,
author = {Systems, Robotic},
file = {:home/munzir/Me/5-Work/stableForceInteraction/Implementation/1-ForceControlWhileBalancing/1-ControlProblem1/0-Literature/art\%3A10.1023\%2FA\%3A1024172417914.pdf:pdf},
keywords = {fuzzy logic,genetic algorithms,humanoid robots,neural networks},
pages = {117--141},
title = {{Survey of Intelligent Control Techniques for Humanoid Robots}},
year = {2003}
}
@article{Takubo2005,
author = {Takubo, Tomohito and Inoue, Kenji and Arai, Tatsuo},
file = {:home/munzir/Me/5-Work/stableForceInteraction/Implementation/1-ForceControlWhileBalancing/1-ControlProblem1/0-Literature/01570359.pdf:pdf},
isbn = {078038914X},
number = {April},
pages = {6--11},
title = {{Pushing an Object Considering the Hand Reflect Forces by Humanoid Robot in Dynamic Walking}},
year = {2005}
}
