@article{kane1983use,
  title={The use of Kane's dynamical equations in robotics},
  author={Kane, Thomas R and Levinson, David A},
  journal={The International Journal of Robotics Research},
  volume={2},
  number={3},
  pages={3--21},
  year={1983},
  publisher={Sage Publications}
}

